@article{Aloni2024,
   title={State-Based Modal Logics for Free Choice},
   volume={65},
   ISSN={0029-4527},
   url={http://dx.doi.org/10.1215/00294527-2024-0027},
   DOI={10.1215/00294527-2024-0027},
   number={4},
   journal={Notre Dame Journal of Formal Logic},
   publisher={Duke University Press},
   author={Aloni, Maria and Anttila, Aleksi and Yang, Fan},
   year={2024},
   month=nov }